@manual{manual1,
  title		   = {Versuch 16: $\gamma-\gamma$-Winkelkorrelationen und Koinzidenztechnkik},
  author       = {K. Stelzer (Original), M. Kleiner (Überarbeitung)},
  year         = 2024,
  month        = {Mai},
%  address      = {},
%  note         = {Available at \url{https://example.com/manual.pdf}},
  organization = {Institut für Kernphysik Frankfurt},
  edition      = {6. Version}
}
